<?xml version="1.0" encoding="UTF-8"?><collection><record><leader>07715ntm a2200769 a 4500</leader><controlfield tag="001">006818828</controlfield><controlfield tag="003">MiAaHDL</controlfield><controlfield tag="005">20190719000000.0</controlfield><controlfield tag="006">m        d        </controlfield><controlfield tag="007">cr bn ---auaua</controlfield><controlfield tag="008">090615s17uu    xx            00| ||ota d</controlfield><datafield tag="035" ind1=" " ind2=" "><subfield code="a">(MiU)006818828</subfield></datafield><datafield tag="035" ind1=" " ind2=" "><subfield code="a">sdr-miu006818828</subfield></datafield><datafield tag="040" ind1=" " ind2=" "><subfield code="a">MiU</subfield><subfield code="c">MiU</subfield><subfield code="e">amremm</subfield></datafield><datafield tag="041" ind1="0" ind2=" "><subfield code="a">ota</subfield></datafield><datafield tag="043" ind1=" " ind2=" "><subfield code="a">n-us-mi</subfield></datafield><datafield tag="100" ind1="0" ind2=" "><subfield code="6">880-01</subfield><subfield code="a">Veysî,</subfield><subfield code="d">1561-1628.</subfield></datafield><datafield tag="245" ind1="1" ind2="0"><subfield code="6">880-03</subfield><subfield code="a">Siyer-i Veysî ma Zeyl-i Nabi,</subfield><subfield code="f">[18th century?].</subfield></datafield><datafield tag="246" ind1="3" ind2=" "><subfield code="a">Dürret üt-tac</subfield></datafield><datafield tag="246" ind1="3" ind2=" "><subfield code="6">880-04</subfield><subfield code="a">Durrat al-tāj fī sīrat Ṣāḥib al-mi‘rāj</subfield></datafield><datafield tag="246" ind1="3" ind2=" "><subfield code="6">880-04</subfield><subfield code="a">درة التاج في سيرة صاحب المعراج</subfield></datafield><datafield tag="260" ind1=" " ind2=" "><subfield code="c">[17--?].</subfield></datafield><datafield tag="300" ind1=" " ind2=" "><subfield code="a">340 leaves :</subfield><subfield code="b">paper ;</subfield><subfield code="c">242 x 145 (173 x 75) mm.</subfield></datafield><datafield tag="500" ind1=" " ind2=" "><subfield code="a">Shelfmark: Ann Arbor, University of Michigan, Special Collections Library, Isl. Ms. 377</subfield></datafield><datafield tag="500" ind1=" " ind2=" "><subfield code="a">Origin: Lacks dated colophon ; dated inscription on recto of second front flyleaf provides a rough terminus ante quem of 1796 ; paper, decoration, etc. also suggest late 18th century.</subfield></datafield><datafield tag="500" ind1=" " ind2=" "><subfield code="a">Former shelfmark: "464 T. De M. [i.e. Tammaro De Marinis]" inscribed in pencil on verso of front flyleaf ; "٤٥٠" also on verso of front flyleaf.</subfield></datafield><datafield tag="500" ind1=" " ind2=" "><subfield code="a">Binding: Pasteboards covered in dark red leather ; Type II binding (with flap) ; pastedowns and flyleaves in gold-flecked yellow-tinted paper ; upper and lower covers carry exquisite stamped (with gold-painted orange recessed onlays) mandorla (filled with symmetrical vegetal composition incorporating chī clouds, compare Déroche class. NSd), pendants and cornerpieces with tooled and gold-painted accents (rosettes, strokes, etc.) as well as elaborate guilloché roll borders built up from a series of s-shaped stamps and defined by gold fillets ; sewn in dark pink thread, two stations ; worked chevron endbands in dark pink and thread and with gold sheed, good condition ; overall in fairly good condition with minor abrasion, etc. ; subtle repair to fore edge flap.</subfield></datafield><datafield tag="500" ind1=" " ind2=" "><subfield code="a">Support: non-European laid paper with 9 laid lines per cm. (mainly vertical, curved, fairly distinct) and irregular chain lines occasionally visible, some inclusions, beige in color, crisp and transluscent though quite sturdy, highly burnished ; added table of contents mainly on European wove paper, well-burnished (burnisher's marks visible) ; partial offset of upper portion of headpiece in margin of incipit facing page (p.21) ; flyleaves in European laid paper.</subfield></datafield><datafield tag="500" ind1=" " ind2=" "><subfield code="a">Decoration: Brilliant illuminated headpiece (ʻunwān / sarlawḥ) at opening of Siyer-i Veysî on p.20, consisting of rectangular piece with empty gold cartouche flanked by floral motifs in pink, orange, red and yellow on fields of gold, surmounted by scalloped w-shaped piece filled with swirling floral vegetal composition in gold, pale green, pink, yellow, red, etc. on a gold ground, itself surmounted by elaborate vertical stalks (tīgh) in blue with gold and red accents, entire piece set in a well consisting of bands of red with white accents, pink with red accents, and gold interlace ; another illuminated headpiece at opening of second part of Siyer-i Veysî on p.178 ; still another superb illuminated headpiece (ʻunwān / sarlawḥ) at opening of Zeyl-i Nabi on p.320, consisting of rectangular piece with empty gold cartouche flanked by floral motifs in gold and pink, surmounted by scalloped w-shaped piece filled with swirling floral vegetal composition in gold, pale green, pink, orange, etc. on a gold ground, itself surmounted by elaborate vertical stalks (tīgh) in blue with gold and red accents, entire piece set in a well consisting of bands of red with white accents, pink with red accents, and heavy gold interlace ; written area surrounded by heavy gold frame defined by black fillets, divisions within (poetic passages, etc.) defined by narrow faint gold bands outlined by black fillets ; section headings, key words and passages, and occasional vocalization rubricated or overlined in red ; textual dividers in the form of red inverted commas.</subfield></datafield><datafield tag="500" ind1=" " ind2=" "><subfield code="a">Script: Nastaʻlīq (talik) ; elegant Turkish hand ; serifless with slight effect of words descending to baseline, elongation of horizontal strokes, mainly closed counters, pointing in conjoined dots ; partially vocalized.</subfield></datafield><datafield tag="500" ind1=" " ind2=" "><subfield code="a">Layout: Written in 21 lines per page ; frame-ruled.</subfield></datafield><datafield tag="500" ind1=" " ind2=" "><subfield code="a">Collation: i, 34 V(340), ii ; exclusively quinions ; catchwords present ; foliation in black ink, Hindu-Arabic numerals ; pagination in pencil, Western numerals, supplied during digitization.</subfield></datafield><datafield tag="500" ind1=" " ind2=" "><subfield code="a">Explicit: [Siyer-i Veysî] "جناب پيغمبرى اولمديغنه دليل جليل لا ينتطح فيه عنزان نابفه سيله [؟] تسليت بخش خاطر عمير اولدقلريدر والله تعالى اعلم بحقايق الامور" ; [Zeyl-i Nabi] "اشتماليله اعلاى درجات امتيازده جلو كر قلنمق شيوۀ خفيۀ تقديردن مستبعد دكلدر والله تعالى اعلم"</subfield></datafield><datafield tag="500" ind1=" " ind2=" "><subfield code="a">Incipit: [Siyer-i Veysî] "كنون وقتست كزكلك سخن كوى بسوى ذكر پيغمبر نهم روى" ; [Zeyl-i Nabi] "يا رب سحاب فيضى باران ايله اول فيضله كشت كامى ريان ايله ..."</subfield></datafield><datafield tag="500" ind1=" " ind2=" "><subfield code="a">Title from opening of added table of contents (p.2).</subfield></datafield><datafield tag="500" ind1=" " ind2=" "><subfield code="a">Ms. codex.</subfield></datafield><datafield tag="505" ind1="0" ind2=" "><subfield code="a">7. p.320-p.677 : [Zeyl-i Nabi] / Nabi.</subfield></datafield><datafield tag="505" ind1="0" ind2=" "><subfield code="a">6. p.318-p.219 : [blank].</subfield></datafield><datafield tag="505" ind1="0" ind2=" "><subfield code="a">5. p.178-p.317 : [Siyer-i Veysî, part 2] / Veysî.</subfield></datafield><datafield tag="505" ind1="0" ind2=" "><subfield code="a">4. p.177 : [blank].</subfield></datafield><datafield tag="505" ind1="0" ind2=" "><subfield code="a">3. p.20-p.176 : [Siyer-i Veysî, part 1] / Veysî.</subfield></datafield><datafield tag="505" ind1="0" ind2=" "><subfield code="a">2. p.12-p.19 : [blank].</subfield></datafield><datafield tag="505" ind1="0" ind2=" "><subfield code="a">1. p.2-p.11 : [table of contents].</subfield></datafield><datafield tag="510" ind1="4" ind2=" "><subfield code="a">Fihris al-makhṭūṭāt al-Turkīyah al-ʻUthmānīyah allatī iqtanatʹhā Dār al-Kutub al-Qawmīyah mundhu ʻām 1870 ḥattá nihāyat 1980,</subfield><subfield code="c">vol.2, p.27 ff.</subfield></datafield><datafield tag="510" ind1="4" ind2=" "><subfield code="a">Brit. Mus. Cat. Turkish MSS.,</subfield><subfield code="c">p.37</subfield></datafield><datafield tag="510" ind1="4" ind2=" "><subfield code="a">Ḥājjī Khalīfah. Kashf al-ẓunūn,</subfield><subfield code="c">iii 201</subfield></datafield><datafield tag="520" ind1="8" ind2=" "><subfield code="a">Elegant copy of Veysî's (d.1628) work on the sīrah of the Prophet through the battle of Badr in two parts, followed by the continuation (dhayl / zeyl) composed by Nâbî (d.1712). Table of contents on added leaves at opening (pp.2-11). Contribution to the cataloguing from H. Mottaghi.</subfield></datafield><datafield tag="538" ind1=" " ind2=" "><subfield code="a">Mode of access: Internet.</subfield></datafield><datafield tag="541" ind1=" " ind2=" "><subfield code="c">Purchase ;</subfield><subfield code="a">Acquired by purchase (funds donated by Horace Rackham).</subfield><subfield code="d">1924.</subfield></datafield><datafield tag="546" ind1=" " ind2=" "><subfield code="a">Ottoman Turkish.</subfield></datafield><datafield tag="561" ind1=" " ind2=" "><subfield code="a">Inscription on recto of second front flyleaf dated 1 Jumādá I 1211 [ca. 2 November 1796] ; occasional marginal corrections.</subfield></datafield><datafield tag="600" ind1="0" ind2="0"><subfield code="a">Muḥammad,</subfield><subfield code="c">Prophet,</subfield><subfield code="d">-632</subfield><subfield code="v">Early works to 1800.</subfield></datafield><datafield tag="650" ind1=" " ind2="0"><subfield code="a">Manuscripts, Turkish</subfield><subfield code="z">Michigan</subfield><subfield code="z">Ann Arbor.</subfield></datafield><datafield tag="655" ind1=" " ind2="7"><subfield code="a">Headpieces (layout features)</subfield><subfield code="y">18th century.</subfield><subfield code="2">aat</subfield></datafield><datafield tag="700" ind1="0" ind2=" "><subfield code="a">Abdülhamid</subfield><subfield code="b">II,</subfield><subfield code="c">Sultan of the Turks,</subfield><subfield code="d">1842-1918,</subfield><subfield code="e">former owner.</subfield></datafield><datafield tag="700" ind1="0" ind2="2"><subfield code="6">880-05</subfield><subfield code="a">Nabi,</subfield><subfield code="d">1641 or 1642-1712.</subfield><subfield code="t">Zeyl-i Nabi.</subfield></datafield><datafield tag="740" ind1="0" ind2="2"><subfield code="6">880-08</subfield><subfield code="a">ذيل السير</subfield></datafield><datafield tag="740" ind1="0" ind2="2"><subfield code="6">880-07</subfield><subfield code="a">Siyer-i Veysî zeyli</subfield></datafield><datafield tag="740" ind1="0" ind2="2"><subfield code="6">880-06</subfield><subfield code="a">Zeyl-i Siyer-i Veysî</subfield></datafield><datafield tag="773" ind1="0" ind2=" "><subfield code="a">Abdul Hamid Collection.</subfield></datafield><datafield tag="880" ind1="0" ind2="2"><subfield code="6">740-08/</subfield><subfield code="a">Zeylü's-Siyer</subfield></datafield><datafield tag="880" ind1="0" ind2="2"><subfield code="6">740-07/</subfield><subfield code="a">سير ويسى ذيلى</subfield></datafield><datafield tag="880" ind1="0" ind2="2"><subfield code="6">740-06/</subfield><subfield code="a">ذيل سير ويسى</subfield></datafield><datafield tag="880" ind1="0" ind2="2"><subfield code="6">700-05/</subfield><subfield code="a">نابي</subfield><subfield code="t">ذيل نابى.</subfield></datafield><datafield tag="880" ind1="3" ind2=" "><subfield code="6">246-04/</subfield><subfield code="a">Dürretü't-tac fî sîret Sâhibi'l-mirâc</subfield></datafield><datafield tag="880" ind1="1" ind2="0"><subfield code="6">245-03/</subfield><subfield code="a">سير ويسى مع ذيل نبى,</subfield><subfield code="f">[القرن 18م؟].</subfield></datafield><datafield tag="880" ind1="0" ind2=" "><subfield code="6">100-01/</subfield><subfield code="a">اويس بن محمد آلاشهري ويسي.</subfield></datafield><datafield tag="CID" ind1=" " ind2=" "><subfield code="a">006818828</subfield></datafield><datafield tag="DAT" ind1="0" ind2=" "><subfield code="a">20190719102639.0</subfield><subfield code="b">20190719000000.0</subfield></datafield><datafield tag="DAT" ind1="1" ind2=" "><subfield code="a">20190719090653.0</subfield><subfield code="b">2019-07-19T16:10:50Z</subfield></datafield><datafield tag="DAT" ind1="2" ind2=" "><subfield code="a">2015-10-10T18:00:06Z</subfield></datafield><datafield tag="CAT" ind1=" " ind2=" "><subfield code="a">SDR-MIU</subfield><subfield code="d">EX LIBRIS - ALEPH</subfield><subfield code="l">prepare.pl-004-008</subfield></datafield><datafield tag="FMT" ind1=" " ind2=" "><subfield code="a">BK</subfield></datafield><datafield tag="HOL" ind1=" " ind2=" "><subfield code="0">sdr-miu006818828</subfield><subfield code="a">MiU</subfield><subfield code="b">SDR</subfield><subfield code="c">MIU</subfield><subfield code="p">mdp.39015079130178</subfield><subfield code="s">MIU</subfield><subfield code="1">006818828</subfield></datafield><datafield tag="974" ind1=" " ind2=" "><subfield code="b">MIU</subfield><subfield code="c">MIU</subfield><subfield code="d">20190719</subfield><subfield code="s">lit-dlps-dc</subfield><subfield code="u">mdp.39015079130178</subfield><subfield code="y">1799</subfield><subfield code="r">pd</subfield><subfield code="q">bib</subfield><subfield code="t">non-US bib date1 &lt; 1896</subfield></datafield></record></collection>